@inbook{Chapitre2021,
  title = {Titre Du Chapitre},
  booktitle = {Titre Du Livre},
  author = {Chapitre, Jean},
  date = {2021},
  pages = {156--324},
  publisher = {{Maison d'\'edition}},
  url = {https://www.cairn.info/comment-passer-pour-une-personne-autiste--9782100705993-page-19.htm?contenu=resume},
  bookauthor = {Livre, Guy}
}

@book{Livre2021,
  title = {Titre Du Livre},
  author = {Livre, Paul},
  date = {2021},
  publisher = {{Maison d'\'edition}},
  url = {http://triggs.djvu.org/djvu-editions.com/BIBLES/DRV/Download.pdf},
  pagetotal = {324}
}

@online{PageWeb2021,
  title = {Titre de La Page},
  author = {PageWeb, Auteur},
  date = {2021},
  url = {https://perspective.usherbrooke.ca/},
  organization = {{Titre du site web}}
}

@report{Pays/Etat2021,
  title = {Titre de La Loi},
  author = {{Pays/\'Etat}},
  date = {2021-10-01},
  number = {C-11},
  pages = {37},
  institution = {{Gouvernement du Qu\'ebec}},
  url = {http://www.legisquebec.gouv.qc.ca/fr/pdf/lc/C-11.pdf}
}

@article{Periodique2021,
  title = {Titre de l'article},
  author = {P\'eriodique, Yves},
  date = {2021},
  journaltitle = {Titre du p\'eriodique},
  volume = {45},
  number = {9},
  pages = {37--90},
  url = {https://climatoscope.ca/}
}

@article{Quotidien2021,
  entrysubtype = {newspaper},
  title = {Titre de l'article},
  author = {Quotidien, Jeanne},
  date = {2021-11-20},
  journaltitle = {Nom du journal},
  url = {https://www.lapresse.ca/}
}

@report{Rapport2021,
  title = {Titre Du Rapport},
  author = {Rapport, Wang},
  date = {2021},
  pages = {725},
  institution = {{Titre de l'organisation ou institution}},
  url = {https://www.un.org/annualreport/files/2021/09/2109745-F-ARWO21-WEB.pdf}
}

@inreference{References2021,
  title = {Titre de l'entr\'ee},
  booktitle = {Titre Du Dictionnaire},
  author = {R\'ef\'erences, Ouvrage},
  date = {2021},
  pages = {96--100},
  publisher = {{Maison d'\'edition}},
  url = {https://www.larousse.fr/dictionnaires/francais}
}

@thesis{These2021,
  type = {mathesis},
  title = {Titre Du M\'emoire},
  author = {M\'emoire, Ruby},
  date = {2021},
  institution = {{Nom de l'Universit\'e}},
  url = {https://savoirs.usherbrooke.ca/bitstream/handle/11143/8844/Grondin_Landry_Alexis_MEnv_2016.pdf?sequence=3&isAllowed=y},
  pagetotal = {120}
}

@thesis{These2021a,
  type = {phdthesis},
  title = {Titre de La Th\`ese},
  author = {Th\`ese, Ruby},
  date = {2021},
  institution = {{Nom de l'Universit\'e}},
  url = {https://savoirs.usherbrooke.ca/bitstream/handle/11143/8844/Grondin_Landry_Alexis_MEnv_2016.pdf?sequence=3&isAllowed=y},
  pagetotal = {120}
}
